[gd_scene load_steps=7 format=3 uid="uid://pq2mhpvkwec8"]

[ext_resource type="PackedScene" uid="uid://0sp4xbsmuwmq" path="res://player.tscn" id="1_4g5e3"]

[sub_resource type="PlaneMesh" id="PlaneMesh_b3gq3"]

[sub_resource type="BoxMesh" id="BoxMesh_4wq6b"]

[sub_resource type="BoxShape3D" id="BoxShape3D_ffghe"]

[sub_resource type="Environment" id="Environment_gwul2"]

[sub_resource type="CameraAttributesPractical" id="CameraAttributesPractical_ym5ls"]

[node name="SceneRoot" type="Node3D"]

[node name="Ground" type="MeshInstance3D" parent="."]
transform = Transform3D(100, 0, 0, 0, 100, 0, 0, 0, 100, 0, 0, 0)
mesh = SubResource("PlaneMesh_b3gq3")

[node name="Wall" type="MeshInstance3D" parent="."]
transform = Transform3D(0.73664, 0, 33.8142, 0, 10, 0, -0.676285, 0, 36.832, -1.47328, 0.5, 1.35257)
mesh = SubResource("BoxMesh_4wq6b")
skeleton = NodePath("../Ground")

[node name="StaticBody3D" type="StaticBody3D" parent="Wall"]

[node name="CollisionShape3D" type="CollisionShape3D" parent="Wall/StaticBody3D"]
transform = Transform3D(1, 0, 0, 0, 1, 0, -3.72529e-09, 0, 1, 0, 0, 0)
shape = SubResource("BoxShape3D_ffghe")

[node name="Wall2" type="MeshInstance3D" parent="."]
transform = Transform3D(0.73664, 0, 33.8142, 0, 10, 0, -0.676285, 0, 36.832, 1.47328, 0.5, -1.35257)
mesh = SubResource("BoxMesh_4wq6b")
skeleton = NodePath("../Ground")

[node name="StaticBody3D2" type="StaticBody3D" parent="Wall2"]
transform = Transform3D(1, 0, 0, 0, 1, 0, -3.72529e-09, 0, 1, 0, 0, 0)

[node name="CollisionShape3D" type="CollisionShape3D" parent="Wall2/StaticBody3D2"]
transform = Transform3D(1, 0, 0, 0, 1, 0, -3.72529e-09, 0, 1, 0, 0, 0)
shape = SubResource("BoxShape3D_ffghe")

[node name="Player" parent="." instance=ExtResource("1_4g5e3")]
transform = Transform3D(-4.37114e-08, 0, 1, 0, 1, 0, -1, 0, -4.37114e-08, 0, 1, 0)

[node name="OmniLight3D" type="OmniLight3D" parent="."]
transform = Transform3D(1, 0, 0, 0, 1, 0, 0, 0, 1, -1.16511, 2.26405, 0.0517497)
light_color = Color(1, 0, 0, 1)
light_energy = 0.5
light_bake_mode = 1
shadow_enabled = true
omni_shadow_mode = 0

[node name="DirectionalLight3D" type="DirectionalLight3D" parent="."]
light_color = Color(0, 0, 0, 1)

[node name="WorldEnvironment" type="WorldEnvironment" parent="."]
environment = SubResource("Environment_gwul2")
camera_attributes = SubResource("CameraAttributesPractical_ym5ls")
